<record><leader>00000cas a22000007a 4500</leader><controlfield tag="001">15201744</controlfield><controlfield tag="008">870216d1896189uarudn ne      0    0eng d</controlfield><datafield ind1=" " ind2=" " tag="010"><subfield code="a">sn 86090909 </subfield></datafield><datafield ind1=" " ind2=" " tag="040"><subfield code="a">PPM</subfield><subfield code="b">eng</subfield><subfield code="c">PPM</subfield><subfield code="d">OCLCQ</subfield></datafield><datafield ind1=" " ind2=" " tag="042"><subfield code="a">msc</subfield></datafield><datafield ind1="0" ind2="0" tag="245"><subfield code="a">Fort Smith times=democrat.</subfield></datafield><datafield ind1="1" ind2="3" tag="246"><subfield code="a">Times-democrat</subfield></datafield><datafield ind1=" " ind2=" " tag="260"><subfield code="a">Fort Smith, Ark. :</subfield><subfield code="b">Times-Democrat Pub. Co.</subfield></datafield><datafield ind1=" " ind2=" " tag="310"><subfield code="a">Daily (except Mon.)</subfield></datafield><datafield ind1="1" ind2=" " tag="362"><subfield code="a">Began in 1896.</subfield></datafield><datafield ind1=" " ind2=" " tag="588"><subfield code="a">Description based on: Vol. 15, no. 26 (May 21, 1896).</subfield></datafield><datafield ind1=" " ind2=" " tag="752"><subfield code="a">United States</subfield><subfield code="b">Arkansas</subfield><subfield code="c">Sebastian</subfield><subfield code="d">Fort Smith.</subfield></datafield><datafield ind1="0" ind2="4" tag="780"><subfield code="t">Fort Smith times</subfield><subfield code="w">(DLC)sn 89051189</subfield></datafield><datafield ind1="0" ind2="4" tag="780"><subfield code="t">Fort Smith Democrat</subfield><subfield code="w">(DLC)sn 89051181</subfield></datafield><datafield ind1="0" ind2="0" tag="785"><subfield code="t">Daily times-Democrat (Fort Smith, Ark.)</subfield><subfield code="w">(DLC)sn 86090910</subfield></datafield></record>